@article{dMfunction,
  author = {Movsisyan, Yuri and Aslanyan, Vahagn},
  year = {2014},
  month = {06},
  pages = {271-283},
  title = {De Morgan Functions and Free De Morgan Algebras},
  volume = {47},
  journal = {Demonstratio Mathematica},
  doi = {10.2478/dema-2014-0021}
}

@Book{            riehl2017,
  author        = {Riehl, Emily},
  title         = {Category theory in context},
  publisher     = {Dover Publications},
  year          = {2017},
  isbn          = {048680903X},
  url           = {http://www.math.jhu.edu/~eriehl/context.pdf}
}

@inproceedings{cchm,
  TITLE = {{Cubical Type Theory: a constructive interpretation of the univalence axiom}},
  AUTHOR = {Cohen, Cyril and Coquand, Thierry and Huber, Simon and M{\"o}rtberg, Anders},
  URL = {https://hal.inria.fr/hal-01378906},
  BOOKTITLE = {{21st International Conference on Types for Proofs and Programs}},
  ADDRESS = {Tallinn, Estonia},
  PUBLISHER = {{Schloss Dagstuhl--Leibniz-Zentrum fuer Informatik}},
  SERIES = {21st International Conference on Types for Proofs and Programs},
  NUMBER = {69},
  PAGES = {262},
  YEAR = {2015},
  MONTH = May,
  DOI = {10.4230/LIPIcs.TYPES.2015.5},
  KEYWORDS = {Univalence Axiom ;  Dependent Type Theory ;  Cubical Sets},
  PDF = {https://hal.inria.fr/hal-01378906v2/file/LIPIcs-TYPES-2015-5.pdf},
  HAL_ID = {hal-01378906},
  HAL_VERSION = {v2},
}
@misc{cubeKapulkin,
  doi = {10.48550/ARXIV.2005.04853},
  howpublished = {https://arxiv.org/abs/2005.04853},
  author = {Doherty, Brandon and Kapulkin, Chris and Lindsey, Zachery and Sattler, Christian},
  keywords = {Algebraic Topology (math.AT), Category Theory (math.CT), FOS: Mathematics, FOS: Mathematics, Primary: 18N60, 18N40, Secondary: 55U35, 55U40},
  title = {Cubical models of $(\infty, 1)$-categories},
  publisher = {arXiv},
  year = {2020},
  copyright = {arXiv.org perpetual, non-exclusive license}
}

@InProceedings{OrtonPitts,
  author =	{Ian Orton and Andrew M. Pitts},
  title =	{{Axioms for Modelling Cubical Type Theory in a Topos}},
  booktitle =	{25th EACSL Annual Conference on Computer Science Logic (CSL 2016)},
  pages =	{24:1--24:19},
  series =	{Leibniz International Proceedings in Informatics (LIPIcs)},
  ISBN =	{978-3-95977-022-4},
  ISSN =	{1868-8969},
  year =	{2016},
  volume =	{62},
  editor =	{Jean-Marc Talbot and Laurent Regnier},
  publisher =	{Schloss Dagstuhl--Leibniz-Zentrum fuer Informatik},
  address =	{Dagstuhl, Germany},
  URL =		{http://drops.dagstuhl.de/opus/volltexte/2016/6564},
  URN =		{urn:nbn:de:0030-drops-65647},
  doi =		{10.4230/LIPIcs.CSL.2016.24},
  annote =	{Keywords: models of dependent type theory, homotopy type theory, cubical sets, cubical type theory, topos, univalence}
}

@misc{AwodeyKripkeJoyal,
  doi = {10.48550/ARXIV.2110.14576},
  howpublished = {https://arxiv.org/abs/2110.14576},
  author = {Awodey, S. and Gambino, N. and Hazratpour, S.},
  keywords = {Logic (math.LO), Category Theory (math.CT), FOS: Mathematics, FOS: Mathematics, 03G30, 03B38, 18F20, 18N45},
  title = {Kripke-Joyal forcing for type theory and uniform fibrations},
  journal = {arXiv},
  year = {2021},
  copyright = {Creative Commons Attribution 4.0 International}
}

@book{mclane-sheaves,
  author         = {Saunders Mac Lane, Ieke Moerdijk},
  publisher      = {Springer New York, NY},
  title          = {Sheaves in Geometry and Logic},
  year           = {1994}
}

@misc{uniSimplicial,
  doi = {10.48550/ARXIV.1203.2553},
  howpublished = {https://arxiv.org/abs/1203.2553},
  author = {Kapulkin, Chris and Lumsdaine, Peter LeFanu and Voevodsky, Vladimir},
  keywords = {Algebraic Topology (math.AT), Category Theory (math.CT), FOS: Mathematics, FOS: Mathematics, 55U10 (Primary) 55U35 (Secondary)},
  title = {Univalence in Simplicial Sets},
  publisher = {arXiv},
  year = {2012},
  copyright = {arXiv.org perpetual, non-exclusive license}
}

@InProceedings{cavallo_unifying,
  author =	{Evan Cavallo and Anders M{\"o}rtberg and Andrew W Swan},
  title =	{{Unifying Cubical Models of Univalent Type Theory}},
  booktitle =	{28th EACSL Annual Conference on Computer Science Logic (CSL 2020)},
  pages =	{14:1--14:17},
  series =	{Leibniz International Proceedings in Informatics (LIPIcs)},
  ISBN =	{978-3-95977-132-0},
  ISSN =	{1868-8969},
  year =	{2020},
  volume =	{152},
  editor =	{Maribel Fern{\'a}ndez and Anca Muscholl},
  publisher =	{Schloss Dagstuhl--Leibniz-Zentrum fuer Informatik},
  address =	{Dagstuhl, Germany},
  URL =		{https://drops.dagstuhl.de/opus/volltexte/2020/11657},
  URN =		{urn:nbn:de:0030-drops-116578},
  doi =		{10.4230/LIPIcs.CSL.2020.14},
  annote =	{Keywords: Cubical Set Models, Cubical Type Theory, Homotopy Type Theory, Univalent Foundations}
}

@Book{hottbook,
  author =    {The {Univalent Foundations Program}},
  title =     {Homotopy Type Theory: Univalent Foundations of Mathematics},
  publisher = {https://homotopytypetheory.org/book},
  address =   {Institute for Advanced Study},
  year =      2013
}

@article{mortberg_2021, 
  title={Cubical methods in homotopy type theory and univalent foundations}, 
  DOI={10.1017/S0960129521000311}, 
  journal={Mathematical Structures in Computer Science}, 
  publisher={Cambridge University Press}, 
  author={Mörtberg, Anders}, 
  year={2021}, 
  pages={1–38}
}

@article{BCH,
author = {Bezem, Marc and Coquand, Thierry and Huber, Simon},
year = {2019},
month = {08},
pages = {},
title = {The Univalence Axiom in Cubical Sets},
volume = {63},
journal = {Journal of Automated Reasoning},
doi = {10.1007/s10817-018-9472-6}
}

@book{LambekAndScott,
  author = {Lambek, Joachim and Scott, P. J.},
  isbn = {9780521356534},
  posted-at = {2017-02-13 01:31:08},
  publisher = {Cambridge University Press},
  series = {Cambridge Studies in Advanced Mathematics},
  title = {{Introduction to Higher Order Categorical Logic}},
  volume = 7,
  year = 1986
}

@MISC{HofmannStreicher,
  author = {Martin Hofmann and Thomas Streicher},
  title = {Lifting Grothendieck Universes},
  year = {1997},
  howpublished = {https://www2.mathematik.tu-darmstadt.de/~streicher/NOTES/lift.pdf}
}

@article{AwodeyNaturalModel, 
  title={Natural models of homotopy type theory}, 
  volume={28}, 
  DOI={10.1017/S0960129516000268}, 
  number={2}, 
  journal={Mathematical Structures in Computer Science}, 
  publisher={Cambridge University Press}, 
  author={Awodey, Steve}, 
  year={2018}, 
  pages={241–286}
}
